@inproceedings{rosenberg2007v,
  title={V-measure: A conditional entropy-based external cluster evaluation measure},
  author={Rosenberg, Andrew and Hirschberg, Julia},
  booktitle={Proceedings of the 2007 joint conference on empirical methods in natural language processing and computational natural language learning (EMNLP-CoNLL)},
  pages={410--420},
  year={2007}
}

@article{de2019small,
  title={The “Small World of Words” English word association norms for over 12,000 cue words},
  author={De Deyne, Simon and Navarro, Danielle J and Perfors, Amy and Brysbaert, Marc and Storms, Gert},
  journal={Behavior research methods},
  volume={51},
  number={3},
  pages={987--1006},
  year={2019},
  publisher={Springer}
}

@book{politis1999subsampling,
  title={Subsampling},
  author={Politis, Dimitris N and Romano, Joseph P and Wolf, Michael},
  year={1999},
  publisher={Springer Science \& Business Media}
}

@article{thompson2020cultural,
  title={Cultural influences on word meanings revealed through large-scale semantic alignment},
  author={Thompson, Bill and Roberts, Se{\'a}n G and Lupyan, Gary},
  journal={Nature Human Behaviour},
  volume={4},
  number={10},
  pages={1029--1038},
  year={2020},
  publisher={Nature Publishing Group}
}

@inproceedings{levy2014neural,
  title={Neural word embedding as implicit matrix factorization},
  author={Levy, Omer and Goldberg, Yoav},
  booktitle={Advances in Neural Information Processing Systems},
  pages={2177--2185},
  year={2014}
}

@article{dekker2007sensitivity,
  title={Sensitivity of {MRQAP} tests to collinearity and autocorrelation conditions},
  author={Dekker, David and Krackhardt, David and Snijders, Tom AB},
  journal={Psychometrika},
  volume={72},
  number={4},
  pages={563--581},
  year={2007},
  publisher={Springer}
}

@article{brown1993uphill,
  title={``{U}phill" and ``downhill" in {T}zeltal},
  author={Brown, Penelope and Levinson, Stephen C},
  journal={Journal of Linguistic Anthropology},
  volume={3},
  number={1},
  pages={46--74},
  year={1993},
  publisher={Wiley Online Library}
}

@article{gennari2002motion,
  title={Motion events in language and cognition},
  author={Gennari, Silvia P and Sloman, Steven A and Malt, Barbara C and Fitch, W Tecumseh},
  journal={Cognition},
  volume={83},
  number={1},
  pages={49--79},
  year={2002},
  publisher={Elsevier}
}

@article{winawer2007russian,
  title={Russian blues reveal effects of language on color discrimination},
  author={Winawer, Jonathan and Witthoft, Nathan and Frank, Michael C and Wu, Lisa and Wade, Alex R and Boroditsky, Lera},
  journal={Proceedings of the National Academy of Sciences},
  volume={104},
  number={19},
  pages={7780--7785},
  year={2007},
  publisher={National Acad Sciences}
}

@article{levy2015improving,
  title={Improving distributional similarity with lessons learned from word embeddings},
  author={Levy, Omer and Goldberg, Yoav and Dagan, Ido},
  journal={Transactions of the Association for Computational Linguistics},
  volume={3},
  pages={211--225},
  year={2015},
  publisher={MIT Press}
}

@article{hill2015simlex,
  title={Simlex-999: Evaluating semantic models with (genuine) similarity estimation},
  author={Hill, Felix and Reichart, Roi and Korhonen, Anna},
  journal={Computational Linguistics},
  volume={41},
  number={4},
  pages={665--695},
  year={2015},
  publisher={MIT Press}
}

@article{lewis2020,
  title={Gender stereotypes are reflected in the distributional structure of 25 languages},
  author={Lewis, Molly and Lupyan, Gary},
journal={Nature Human Behavior},
  year={2020},
  doi={https://doi.org/10.1038/s41562-020-0918-6},
  url = {https://psyarxiv.com/7qd3g}
}

@article{lakoff1987categories,
  title={ Women, Fire and  Dangerous Things: What categories Reveal about the Mind},
  author={Lakoff, George},
  journal={Chicago: University of Chicago},
  year={1987}
}

@book{quine2013word,
  title={Word and object},
  author={Quine, Willard Van Orman},
  year={2013},
  publisher={MIT press}
}

@article{kozlowski2019geometry,
  title={The Geometry of Culture: Analyzing the Meanings of Class through Word Embeddings},
  author={Kozlowski, Austin C and Taddy, Matt and Evans, James A},
  journal={American Sociological Review},
  volume={84},
  number={5},
  pages={905--949},
  year={2019},
  publisher={SAGE Publications Sage CA: Los Angeles, CA}
}

@Manual{snapackage,
    title = {sna: Tools for Social Network Analysis},
    author = {Carter T. Butts},
    year = {2016},
    note = {R package version 2.4},
    url = {https://CRAN.R-project.org/package=sna}

@inproceedings{bolukbasi2016man,
  title={Man is to computer programmer as woman is to homemaker? {D}ebiasing word embeddings},
  author={Bolukbasi, Tolga and Chang, Kai-Wei and Zou, James Y and Saligrama, Venkatesh and Kalai, Adam T},
  booktitle={Advances in Neural Information Processing Systems},
  pages={4349--4357},
  year={2016}
}


@article{kirby2016d,
  title={D-PLACE: A global database of cultural, linguistic and environmental diversity},
  author={Kirby, Kathryn R and Gray, Russell D and Greenhill, Simon J and Jordan, Fiona M and Gomes-Ng, Stephanie and Bibiko, Hans-J{\"o}rg and Blasi, Dami{\'a}n E and Botero, Carlos A and Bowern, Claire and Ember, Carol R and others},
  journal={PLoS One},
  volume={11},
  number={7},
  pages={e0158391},
  year={2016},
  publisher={Public Library of Science}
}

@article{brysbaert2012adding,
  title={Adding part-of-speech information to the {SUBTLEX-US} word frequencies},
  author={Brysbaert, Marc and New, Boris and Keuleers, Emmanuel},
  journal={Behavior Research Methods},
  volume={44},
  number={4},
  pages={991--997},
  year={2012},
  publisher={Springer}
}

@article{fick2017worldclim,
  title={WorldClim 2: New 1-km spatial resolution climate surfaces for global land areas},
  author={Fick, Stephen E and Hijmans, Robert J},
  journal={International Journal of Climatology},
  volume={37},
  number={12},
  pages={4302--4315},
  year={2017},
  publisher={Wiley Online Library}
}

@article{dediu2018trees,
    title = {Making genealogical language classifications available for phylogenetic analysis: Newick trees, unified identifiers, and branch length},
    author = {Dediu, Dan},
    journal = {Language Dynamics and Change},
    volume = {8},
    number = {1},
    pages = {1 - 21},
    year = {2018}
}

@article{lupyan2010language,
  title={Language structure is partly determined by social structure},
  author={Lupyan, Gary and Dale, Rick},
  journal={PloS one},
  volume={5},
  number={1},
  pages={e8559},
  year={2010},
  publisher={Public Library of Science}
}

@article{caliskan2017semantics,
  title={Semantics derived automatically from language corpora contain human-like biases},
  author={Caliskan, Aylin and Bryson, Joanna J and Narayanan, Arvind},
  journal={Science},
  volume={356},
  number={6334},
  pages={183--186},
  year={2017},
  publisher={American Association for the Advancement of Science}
}

@article{garg2018word,
  title={Word embeddings quantify 100 years of gender and ethnic stereotypes},
  author={Garg, Nikhil and Schiebinger, Londa and Jurafsky, Dan and Zou, James},
  journal={Proceedings of the National Academy of Sciences},
  volume={115},
  number={16},
  pages={E3635--E3644},
  year={2018},
  publisher={National Acad Sciences}
}

@article{youn2016universal,
  title={On the universal structure of human lexical semantics},
  author={Youn, Hyejin and Sutton, Logan and Smith, Eric and Moore, Cristopher and Wilkins, Jon F and Maddieson, Ian and Croft, William and Bhattacharya, Tanmoy},
  journal={Proceedings of the National Academy of Sciences},
  volume={113},
  number={7},
  pages={1766--1771},
  year={2016},
  publisher={National Acad Sciences}
}

@inproceedings{le2014distributed,
  title={Distributed representations of sentences and documents},
  author={Le, Quoc and Mikolov, Tomas},
  booktitle={International Conference on Machine Learning},
  pages={1188--1196},
  year={2014}
}

@article{hartigan1979algorithm,
  title={Algorithm {AS} 136: A k-means clustering algorithm},
  author={Hartigan, John A and Wong, Manchek A},
  journal={Journal of the Royal Statistical Society. Series C (Applied Statistics)},
  volume={28},
  number={1},
  pages={100--108},
  year={1979},
  publisher={JSTOR}
}

@article{sianipar2016affective,
  title={Affective meaning, concreteness, and subjective frequency norms for {Indonesian} words},
  author={Sianipar, Agnes and van Groenestijn, Pieter and Dijkstra, Ton},
  journal={Frontiers in psychology},
  volume={7},
  pages={1907},
  year={2016},
  publisher={Frontiers}
}

@article{soares2017minho,
  title={The {Minho} Word Pool: Norms for imageability, concreteness, and subjective frequency for 3,800 {P}ortuguese words},
  author={Soares, Ana Paula and Costa, Ana Santos and Machado, Jo{\~a}o and Comesa{\~n}a, Montserrat and Oliveira, Helena Mendes},
  journal={Behavior Research Methods},
  volume={49},
  number={3},
  pages={1065--1081},
  year={2017},
  publisher={Springer}
}

@article{lima2021norms,
  title={Norms for Familiarity, Concreteness, Valence, Arousal, Wordlikeness, and Recall Accuracy for {Swahili--Portuguese} Word Pairs},
  author={Lima, Marcos Felipe Rodrigues de and Buratto, Luciano Gr{\"u}dtner},
  journal={SAGE Open},
  volume={11},
  number={1},
  pages={2158244020988524},
  year={2021},
  publisher={SAGE Publications Sage CA: Los Angeles, CA}
}

@article{imbir2016affective,
  title={Affective norms for 4900 {Polish} words reload (ANPW\_R): Assessments for valence, arousal, dominance, origin, significance, concreteness, imageability and, age of acquisition},
  author={Imbir, Kamil K},
  journal={Frontiers in Psychology},
  volume={7},
  pages={1081},
  year={2016},
  publisher={Frontiers}
}

@article{coso2019affective,
  title={Affective and concreteness norms for 3,022 {Croatian} words},
  author={{\'C}oso, Bojana and Guasch, Marc and Ferr{\'e}, Pilar and Hinojosa, Jos{\'e} Antonio},
  journal={Quarterly Journal of Experimental Psychology},
  volume={72},
  number={9},
  pages={2302--2312},
  year={2019},
  publisher={Sage Publications Sage UK: London, England}
}

@inproceedings{charbonnier2020predicting,
  title={Predicting the Concreteness of {G}erman Words.},
  author={Charbonnier, Jean and Wartena, Christian},
  booktitle={SwissText/KONVENS},
  year={2020}
}

@article{brysbaert2014norms,
  title={Norms of age of acquisition and concreteness for 30,000 {Dutch} words},
  author={Brysbaert, Marc and Stevens, Micha{\"e}l and De Deyne, Simon and Voorspoels, Wouter and Storms, Gert},
  journal={Acta Psychologica},
  volume={150},
  pages={80--84},
  year={2014},
  publisher={Elsevier}
}

@article{bonin2018concreteness,
  title={Concreteness norms for 1,659 {French} words: Relationships with other psycholinguistic variables and word recognition times},
  author={Bonin, Patrick and M{\'e}ot, Alain and Bugaiska, Aur{\'e}lia},
  journal={Behavior Research Methods},
  volume={50},
  number={6},
  pages={2366--2387},
  year={2018},
  publisher={Springer}
}

@article{allen2014cross,
  title={Cross-linguistic similarity norms for {Japanese--English} translation equivalents},
  author={Allen, David and Conklin, Kathy},
  journal={Behavior Research Methods},
  volume={46},
  number={2},
  pages={540--563},
  year={2014},
  publisher={Springer}
}

@article{guasch2016spanish,
  title={Spanish norms for affective and lexico-semantic variables for 1,400 words},
  author={Guasch, Marc and Ferr{\'e}, Pilar and Fraga, Isabel},
  journal={Behavior Research Methods},
  volume={48},
  number={4},
  pages={1358--1369},
  year={2016},
  publisher={Springer}
}

@article{brysbaert2014concreteness,
  title={Concreteness ratings for 40 thousand generally known {E}nglish word lemmas},
  author={Brysbaert, Marc and Warriner, Amy Beth and Kuperman, Victor},
  journal={Behavior Research Methods},
  volume={46},
  number={3},
  pages={904--911},
  year={2014},
  publisher={Springer}
}

@article{wichmann_asjp_2013,
  title = {The {ASJP} Database (version 16)},
	url = {http://asjp.clld.org/},
  note = {\url{http://asjp.clld.org/}},
  	author = {Wichmann, S{\o}ren and Andr\'{e} M\"{u}ller and Annkathrin Wett and Viveka Velupillai and Julia Bischoffberger and Cecil H. Brown and Eric W. Holman and Sebastian Sauppe and Zarina Molochieva and Pamela Brown and Harald Hammarstr\"{o}m and Oleg Belyaev and Johann-Mattis List and Dik Bakker and Dmitry Egorov and Matthias Urban and Robert Mailhammer and Agustina Carrizo and Matthew S. Dryer and Evgenia Korovina and David Beck and Helen Geyer and Pattie Epps and Anthony Grant and Pilar Valenzuela},
	year = {2013}
}


@book{wals2013,
  address   = {Leipzig},
  editor    = {Matthew S. Dryer and Martin Haspelmath},
  publisher = {Max Planck Institute for Evolutionary Anthropology},
  title     = {WALS Online},
  url       = {http://wals.info},
  note      = {\url{http://wals.info}},
  year      = {2013}
}

@article{baddeley2009,
	Author = {Baddeley, R. and Attewell, D.},
	Date-Added = {2015-06-30 17:42:07 +0000},
	Date-Modified = {2015-06-30 17:42:07 +0000},
	Journal = {Psychological Science},
	Number = {9},
	Pages = {1100--1107},
	Publisher = {SAGE Publications},
	Title = {The Relationship Between Language and the Environment Information Theory Shows Why We Have Only Three Lightness Terms},
	Volume = {20},
	Year = {2009}
   }
@article{regier2007color,
	Author = {Regier, T. and Kay, P. and Khetarpal, N.},
	Date-Added = {2012-12-12 05:31:24 +0000},
	Date-Modified = {2012-12-12 05:31:24 +0000},
	Journal = {Proceedings of the National Academy of Sciences},
	Number = {4},
	Pages = {1436--1441},
	Publisher = {National Acad Sciences},
	Title = {Color naming reflects optimal partitions of color space},
	Volume = {104},
	Year = {2007}}
    
@book{fodor1975language,
  title={The language of thought},
  author={Fodor, Jerry A},
  volume={5},
  year={1975},
  publisher={Harvard University Press}
}

@article{hills2015recent,
  title={Recent evolution of learnability in American English from 1800 to 2000},
  author={Hills, Thomas T and Adelman, James S},
  journal={Cognition},
  volume={143},
  pages={87--92},
  year={2015},
  publisher={Elsevier}
}

@book{levi2008structural,
  title={Structural Anthropology},
  author={L{\'e}vi-Strauss, Claude},
  year={2008},
  publisher={Basic Books}
}


@article{bojanowski2016enriching,
	Author = {Bojanowski, Piotr and Grave, Edouard and Joulin, Armand and Mikolov, Tomas},
	Date-Added = {2018-01-16 17:26:06 +0000},
	Date-Modified = {2018-02-02 03:14:40 +0000},
	Title = {Enriching Word Vectors with Subword Information},
	Year = {2016}}

@article{mikolov2013efficient,
	Author = {Mikolov, Tomas and Chen, Kai and Corrado, Greg and Dean, Jeffrey},
	Date-Added = {2018-01-16 17:22:04 +0000},
	Date-Modified = {2018-02-02 03:14:40 +0000},
	Title = {Efficient estimation of word representations in vector space},
	Year = {2013}}


@article{hill2015simlex,
	Author = {Hill, Felix and Reichart, Roi and Korhonen, Anna},
	Date-Added = {2018-01-16 17:33:08 +0000},
	Date-Modified = {2018-01-16 17:33:08 +0000},
	Journal = {Computational Linguistics},
	Number = {4},
	Pages = {665--695},
	Publisher = {MIT Press},
	Title = {Simlex-999: Evaluating semantic models with (genuine) similarity estimation},
	Volume = {41},
	Year = {2015}}

@incollection{saussure,
	Address = {London},
	Author = {Saussure, F.},
	Date-Added = {2012-04-09 04:32:27 +0000},
	Date-Modified = {2015-08-27 18:10:09 +0000},
	Keywords = {philosophy of language, arbitrariness},
	Publisher = {Peter Owen},
	Title = {Course in {G}eneral {L}inguistics},
	Year = {1916, 1960}}

@book{wierzbicka1996semantics,
  title={Semantics: Primes and universals: Primes and universals},
  author={Wierzbicka, Anna},
  year={1996},
  publisher={Oxford University Press, UK}
}

@article{murdock1970kin,
  title={KIN TERM PATTERNS AND THEIR DISTRIBUTION},
  author={Murdock, George Peter},
  journal={Ethnology},
  volume={9},
  number={2},
  pages={165},
  year={1970},
  publisher={University of Pittsburgh Press}
}

@article{kemp2012kinship,
	Author = {Kemp, C. and Regier, T.},
	Date-Added = {2012-12-12 05:30:57 +0000},
	Date-Modified = {2012-12-12 05:30:57 +0000},
	Journal = {Science},
	Number = {6084},
	Pages = {1049--1054},
	Publisher = {American Association for the Advancement of Science},
	Title = {Kinship categories across languages reflect general communicative principles},
	Volume = {336},
	Year = {2012}}
    
@book{berlin1991basic,
  title={Basic color terms: Their universality and evolution},
  author={Berlin, Brent and Kay, Paul},
  year={1991},
  publisher={Univ of California Press}
}

@article{swadesh1952lexico,
  title={Lexico-statistic dating of prehistoric ethnic contacts: with special reference to {N}orth {A}merican {I}ndians and {E}skimos},
  author={Swadesh, Morris},
  journal={Proceedings of the American Philosophical Society},
  volume={96},
  number={4},
  pages={452--463},
  year={1952},
  publisher={JSTOR}
}

@article{HammarstroemEtAl2011Oslo,
  author  = {Harald Hammarström and Sebastian Nordhoff},
  journal = {Oslo Studies in Language},
  number  = {2},
  pages   = {31-43},
  title   = {LangDoc: Bibliographic Infrastructure for Linguistic Typology},
  url     = {https://www.journals.uio.no/index.php/osla/article/view/75/199},
  volume  = {3},
  year    = {2011}
}

@article{rehurek2011gensim,
  title={Gensim--{P}ython framework for vector space modelling},
  author={Rehurek, R and Sojka, P},
  journal={NLP Centre, Faculty of Informatics, Masaryk University, Brno, Czech Republic},
  volume={3},
  number={2},
  year={2011}
}
    

    
@article{malt1999knowing,
  title={Knowing versus naming: Similarity and the linguistic categorization of artifacts},
  author={Malt, Barbara C and Sloman, Steven A and Gennari, Silvia and Shi, Meiyi and Wang, Yuan},
  journal={Journal of {M}emory and {L}anguage},
  volume={40},
  number={2},
  pages={230--262},
  year={1999},
  publisher={Elsevier}
}

@article{ameel2009semantic,
  title={Semantic convergence in the bilingual lexicon},
  author={Ameel, Eef and Malt, Barbara C and Storms, Gert and Van Assche, Fons},
  journal={Journal of Memory and Language},
  volume={60},
  number={2},
  pages={270--290},
  year={2009},
  publisher={Elsevier}
}

@inproceedings{thompson2018quantifying,
  title={Quantifying semantic similarity across languages},
  author={Thompson, Bill and Roberts, Sean and Lupyan, Gary},
  booktitle={Proceedings of the 40th Annual Conference of the Cognitive Science Society},
  year={2018}
}

@article{kozlowski2019geometry,
  title={The Geometry of Culture: Analyzing the Meanings of Class through Word Embeddings},
  author={Kozlowski, Austin C and Taddy, Matt and Evans, James A},
  journal={American Sociological Review},
  volume={84},
  number={5},
  pages={905--949},
  year={2019},
  publisher={SAGE Publications Sage CA: Los Angeles, CA}
}

@article{bodell2019interpretable,
  title={Interpretable Word Embeddings via Informative Priors},
  author={Bodell, Miriam Hurtado and Arvidsson, Martin and Magnusson, M{\aa}ns},
  journal={arXiv preprint arXiv:1909.01459},
  year={2019}
}

@article{an2018semaxis,
  title={Semaxis: A lightweight framework to characterize domain-specific word semantics beyond sentiment},
  author={An, Jisun and Kwak, Haewoon and Ahn, Yong-Yeol},
  journal={arXiv preprint arXiv:1806.05521},
  year={2018}
}

@article{kwak2020frameaxis,
  title={{FrameAxis}: Characterizing Framing Bias and Intensity with Word Embedding},
  author={Kwak, Haewoon and An, Jisun and Ahn, Yong-Yeol},
  journal={arXiv preprint arXiv:2002.08608},
  year={2020}
}

@inproceedings{mikolov2013distributed,
  title={Distributed representations of words and phrases and their compositionality},
  author={Mikolov, Tomas and Sutskever, Ilya and Chen, Kai and Corrado, Greg S and Dean, Jeff},
  booktitle={Advances in Neural Information Processing Systems},
  pages={3111--3119},
  year={2013}
}

@article{levy2015improving,
  title={Improving distributional similarity with lessons learned from word embeddings},
  author={Levy, Omer and Goldberg, Yoav and Dagan, Ido},
  journal={Transactions of the Association for Computational Linguistics},
  volume={3},
  pages={211--225},
  year={2015},
  publisher={MIT Press}
}

@inproceedings{levy2014neural,
  title={Neural word embedding as implicit matrix factorization},
  author={Levy, Omer and Goldberg, Yoav},
  booktitle={Advances in Neural Information Processing Systems},
  pages={2177--2185},
  year={2014}
}

@inproceedings{levy2014linguistic,
  title={Linguistic regularities in sparse and explicit word representations},
  author={Levy, Omer and Goldberg, Yoav},
  booktitle={Proceedings of the Eighteenth Conference on Computational Natural Language Learning},
  pages={171--180},
  year={2014}
}

@book{jakobson1990language,
  title={On language},
  author={Jakobson, Roman},
  year={1990},
  publisher={Harvard University Press}
}

@article{filipovic2018speaking,
  title={Speaking in a second language but thinking in the first language: Language-specific effects on memory for causation events in {English and Spanish}},
  author={Filipovi{\'c}, Luna},
  journal={International Journal of Bilingualism},
  volume={22},
  number={2},
  pages={180--198},
  year={2018},
  publisher={SAGE Publications Sage UK: London, England}
}

@article{wu2014influence,
  title={Influence of {L1} thinking for speaking on Use of an {L2}: The Case of Path Expressions by {English-Speaking learners of Chinese}},
  author={Wu, Shu-Ling},
  journal={Studies in Second Language Acquisition of Chinese},
  pages={1--29},
  year={2014},
  publisher={Multilingual Matters: Bristol, UK}
}

@article{youn2016universal,
  title={On the universal structure of human lexical semantics},
  author={Youn, Hyejin and Sutton, Logan and Smith, Eric and Moore, Cristopher and Wilkins, Jon F and Maddieson, Ian and Croft, William and Bhattacharya, Tanmoy},
  journal={Proceedings of the National Academy of Sciences},
  volume={113},
  number={7},
  pages={1766--1771},
  year={2016},
  publisher={National Acad Sciences}
}

@article{brysbaert2012adding,
  title={Adding part-of-speech information to the {SUBTLEX-US} word frequencies},
  author={Brysbaert, Marc and New, Boris and Keuleers, Emmanuel},
  journal={Behavior Research Methods},
  volume={44},
  number={4},
  pages={991--997},
  year={2012},
  publisher={Springer}
}


@article{dediu2018trees,
    title = {Making genealogical language classifications available for phylogenetic analysis: Newick trees, unified identifiers, and branch length},
    author = {Dediu, Dan},
    journal = {Language Dynamics and Change},
    volume = {8},
    number = {1},
    pages = {1 - 21},
    year = {2018}
}


@book{wals2013,
  address   = {Leipzig},
  editor    = {Matthew S. Dryer and Martin Haspelmath},
  publisher = {Max Planck Institute for Evolutionary Anthropology},
  title     = {WALS Online},
  url       = {http://wals.info},
  note      = {\url{http://wals.info}},
  year      = {2013}
}

 
 @article{amano2014global,
  title={Global distribution and drivers of language extinction risk},
  author={Amano, Tatsuya and Sandel, Brody and Eager, Heidi and Bulteau, Edouard and Svenning, Jens-Christian and Dalsgaard, Bo and Rahbek, Carsten and Davies, Richard G and Sutherland, William J},
  journal={Proceedings of the Royal Society B: Biological Sciences},
  volume={281},
  number={1793},
  pages={20141574},
  year={2014},
  publisher={The Royal Society}
}

 @misc{ wikipageview,
   author = "",
   title = "Analytics/Archive/Data/Pagecounts-raw --- {Wikitech} ",
   year = "2019",
   url = "https://wikitech.wikimedia.org/w/index.php?title=Analytics/Archive/Data/Pagecounts-raw&oldid=1821019",
   note = "[Online; accessed 25-May-2020]"
 }
 
  @misc{ wikispeakers,
   author = "",
   title = "List of {Wikipedias} by speakers per article",
   year = "2019",
   url = "https://meta.wikimedia.org/w/index.php?title=List_of_Wikipedias_by_speakers_per_article&oldid=19202077",
   note = "[Online; accessed 25-May-2020]"
 }
 
   @misc{ wikiproductivity,
   author = "",
   title = "Productivity of {W}ikipedia Authors",
   year = "2012",
   url = "https://en.wikipedia.org/wiki/Wikipedia:Productivity_of_Wikipedia_Authors",
   note = "[Online; accessed 25-May-2020]"
 }

